% UTF8
@misc{equipetotvs,
	author = {TOTVS},
	title = {{K}anban: conceito, como funciona, vantagens e implementação --- totvs.com},
	howpublished = {\url{https://www.totvs.com/blog/negocios/kanban/#:~:text=O%20termo%20%E2%80%9CKanban%E2%80%9D%20%C3%A9%20de%20origem%20japonesa,trabalho%20conforme%20ele%20se%20move%20pelo%20processo.}},
	year = {2023},
	note = {[Accessed 15-04-2025]},
}

@misc{Fia_2024, title={O que É scrum, Como aplicar a metodologia e exemplos}, url={https://fia.com.br/blog/scrum/#:~:text=O%20que%20%C3%A9%20um%20m%C3%A9todo,iterativo%20e%20adaptativo%20de%20produtos.}, journal={FIA}, author={Fia}, year={2024}, month={Feb}} 
@online{fontes2022,
  author = {Fontes, Ivana},
  title = {O mercado de celulares usados cresceu com os preços altos dos smartphones? Aparelhos seminovos são cada vez mais uma alternativa para consumidores que querem modelos avançados por preços mais em conta},
  year = {2022},
  url = {https://www.terra.com.br/byte/o-mercado-de-celulares-usados-cresceu-com-os-precos-altos-dos-smartphones,c6e6dcc8c4c1adef894ad30c998870edt5vfsdjx.html},
  urldate = {2025-04-15}
}

@online{fontes2021,
  author  = {Fontes, Letícia},
  title   = {Falta de componentes leva indústria de eletroeletrônicos a interromper atividade: Levantamento mostra que 12\% dos fabricantes no Brasil tiveram que parar produção em junho},
  year    = {2021},
  month   = {ago},
  url     = {https://www.otempo.com.br/economia/falta-de-componentes-leva-industria-de-eletroeletronicos-a-interromper-atividade-1.2520545},
  note    = {Acesso em: 15 abr. 2025}
}
@article{nasiri2020,
author = {Nasiri, Mohammad and Shokouhyar, Sajjad},
year = {2021},
month = {09},
pages = {102652},
title = {Actual consumers' response to purchase refurbished smartphones: Exploring perceived value from product reviews in online retailing},
volume = {62},
journal = {Journal of Retailing and Consumer Services},
doi = {10.1016/j.jretconser.2021.102652}
}
